<?xml version="1.0" encoding="UTF-8" ?>
<collection xmlns:xsi="http://www.w3.org/2001/XMLSchema-instance"
    xsi:schemaLocation="http://www.loc.gov/MARC21/slim
        http://www.loc.gov/standards/marcxml/schema/MARC21slim.xsd"
    xmlns="http://www.loc.gov/MARC21/slim">
<record>
  <leader>00262cam a2200505 i 4500</leader>
  <controlfield tag="001">b12784825</controlfield>
  <controlfield tag="003">LeBAU</controlfield>
  <controlfield tag="005">20170619</controlfield>
  <controlfield tag="008">971203s1949    le       b    000 0 ara d</controlfield>
  <datafield tag="035" ind1=" " ind2=" ">
    <subfield code="a">ocn784513218</subfield>
  </datafield>
  <datafield tag="040" ind1=" " ind2=" ">
    <subfield code="a">LEAUB</subfield>
    <subfield code="b">ara</subfield>
    <subfield code="e">rda</subfield>
    <subfield code="c">LEAUB</subfield>
    <subfield code="d">LEAUB</subfield>
  </datafield>
  <datafield tag="041" ind1="0" ind2=" ">
    <subfield code="a">ara</subfield>
    <subfield code="b">fre</subfield>
  </datafield>
  <datafield tag="082" ind1="0" ind2="4">
    <subfield code="a">281.5</subfield>
    <subfield code="2">22</subfield>
  </datafield>
  <datafield tag="100" ind1="1" ind2=" ">
    <subfield code="6">880-01</subfield>
    <subfield code="a">Qarʼalī, Būlus,</subfield>
    <subfield code="d">-1952,</subfield>
    <subfield code="e">author.</subfield>
  </datafield>
  <datafield tag="245" ind1="1" ind2="0">
    <subfield code="6">880-02</subfield>
    <subfield code="a">al-Mawārinah fī Lubnān :</subfield>
    <subfield code="b">aqdamīyatuhum wa usaruhum /</subfield>
    <subfield code="c">bi-qalam al-Khūrusquf Būlus Qarʼalī. Wa-yalīhā nubdhatān khaṭṭīyatān / lil-Baṭriyark Isṭifān al-Duwayhī.</subfield>
  </datafield>
  <datafield tag="246" ind1="1" ind2="5">
    <subfield code="a">Maronites au Liban; leur origine et leurs familles</subfield>
  </datafield>
  <datafield tag="264" ind1=" " ind2="1">
    <subfield code="6">880-03</subfield>
    <subfield code="a">Jūniyah, [Lubnān] :</subfield>
    <subfield code="b">Maṭba‘at al-Mursalīn al-Lubnānīyīn,</subfield>
    <subfield code="c">1949.</subfield>
  </datafield>
  <datafield tag="300" ind1=" " ind2=" ">
    <subfield code="6">880-04</subfield>
    <subfield code="a">169 pages ;</subfield>
    <subfield code="c">25 cm</subfield>
  </datafield>
  <datafield tag="336" ind1=" " ind2=" ">
    <subfield code="a">text</subfield>
    <subfield code="b">txt</subfield>
    <subfield code="2">rdacontent</subfield>
  </datafield>
  <datafield tag="337" ind1=" " ind2=" ">
    <subfield code="a">unmediated</subfield>
    <subfield code="b">n</subfield>
    <subfield code="2">rdamedia</subfield>
  </datafield>
  <datafield tag="338" ind1=" " ind2=" ">
    <subfield code="a">volume</subfield>
    <subfield code="b">nc</subfield>
    <subfield code="2">rdacarrier</subfield>
  </datafield>
  <datafield tag="500" ind1=" " ind2=" ">
    <subfield code="a">ملاحظات على كتاب "أصدق ما كان عن تاريخ لبنان وصفحة من أخبار السريان / للفيكنت فيليب دي طرازي، مقالات ظهرت تباعاً في جريدة البيرق البيروتية بين 26 تموز سنة 1948 و 15 شباط 1949، ثم نشرت منقحة في مجلة المنارة للآباء المرسلين اللبنانيين في جونيه. ويليها نبذتان خطيتان للبطريرك اسطفان الدويهي : 1- مقدمو جبة بشري 2- اليعاقبة في لبنان.</subfield>
  </datafield>
  <datafield tag="504" ind1=" " ind2=" ">
    <subfield code="a">يتضمن مراجع ببليوغرافية.</subfield>
  </datafield>
  <datafield tag="546" ind1=" " ind2=" ">
    <subfield code="a">النص بالعربية؛ مع مقدمة بالفرنسية.</subfield>
  </datafield>
  <datafield tag="600" ind1="1" ind2="4">
    <subfield code="a">طرازي، فيليب دي،</subfield>
    <subfield code="c">الفيكونت،</subfield>
    <subfield code="d">1865-1956.</subfield>
    <subfield code="t">أصدق ما كان عن تاريخ لبنان وصفحة من أخبار السريان.</subfield>
  </datafield>
  <datafield tag="600" ind1="1" ind2="0">
    <subfield code="a">Ṭarrāzī, Fīlīb Dī,</subfield>
    <subfield code="c">al-Fīkunt,</subfield>
    <subfield code="d">1865-1956.</subfield>
    <subfield code="t">Aṣdaq mā kān ʻan tārīkh Lubnān wa-ṣafḥah min akhbār al-Suryān.</subfield>
  </datafield>
  <datafield tag="650" ind1=" " ind2="4">
    <subfield code="a">الموارنة</subfield>
    <subfield code="z">لبنان</subfield>
    <subfield code="x">تاريخ.</subfield>
  </datafield>
  <datafield tag="650" ind1=" " ind2="0">
    <subfield code="a">Maronites</subfield>
    <subfield code="z">Lebanon</subfield>
    <subfield code="x">History.</subfield>
  </datafield>
  <datafield tag="651" ind1=" " ind2="4">
    <subfield code="a">لبنان</subfield>
    <subfield code="x">التاريخ الكنسي.</subfield>
  </datafield>
  <datafield tag="651" ind1=" " ind2="0">
    <subfield code="a">Lebanon</subfield>
    <subfield code="x">Church history.</subfield>
  </datafield>
  <datafield tag="700" ind1="1" ind2="2">
    <subfield code="6">880-05</subfield>
    <subfield code="a">Duwayhī, Isṭifān,</subfield>
    <subfield code="d">1630-1704.</subfield>
    <subfield code="t">Muqaddimū jubbat Bisharrī.</subfield>
  </datafield>
  <datafield tag="700" ind1="1" ind2="2">
    <subfield code="6">880-06</subfield>
    <subfield code="a">Duwayhī, Isṭifān,</subfield>
    <subfield code="d">1630-1704.</subfield>
    <subfield code="t">Ya‘āqibah fī Lubnān.</subfield>
  </datafield>
  <datafield tag="700" ind1="1" ind2=" ">
    <subfield code="6">880-07</subfield>
    <subfield code="i">is critique of (work):</subfield>
    <subfield code="a">Ṭarrāzī, Fīlīb Dī,</subfield>
    <subfield code="c">al-Fīkunt,</subfield>
    <subfield code="d">1865-1956.</subfield>
    <subfield code="t">Aṣdaq mā kān ʻan tārīkh Lubnān wa-ṣafḥah min akhbār al-Suryān.</subfield>
  </datafield>
  <datafield tag="852" ind1=" " ind2=" ">
    <subfield code="a">Jafet Archives and Special Collections</subfield>
    <subfield code="e">American University of Beirut, Bliss Street , Beirut, Lebanon.</subfield>
  </datafield>
  <datafield tag="880" ind1="1" ind2=" ">
    <subfield code="6">100-01/(3/r</subfield>
    <subfield code="a">قرألي، بولس</subfield>
    <subfield code="d">-1952،</subfield>
    <subfield code="e">مؤلف. </subfield>
    <subfield code="4">aut.</subfield>
  </datafield>
  <datafield tag="880" ind1="1" ind2="3">
    <subfield code="6">245-02/(3/r</subfield>
    <subfield code="a">الموارنة في لبنان :</subfield>
    <subfield code="b">أقدميتهم وأسرهم /</subfield>
    <subfield code="c">بقلم الخورأسقف بولس قرألي. ويليها نبذتان خطيتان / للبطريرك إسطفان الدويهي</subfield>
  </datafield>
  <datafield tag="880" ind1=" " ind2="1">
    <subfield code="6">264-03/(3/r</subfield>
    <subfield code="a">جونية، [لبنان] :</subfield>
    <subfield code="b">مطبعة المرسلين اللبنانيين،</subfield>
    <subfield code="c">1949.</subfield>
  </datafield>
  <datafield tag="880" ind1=" " ind2=" ">
    <subfield code="6">300-04/(3/r</subfield>
    <subfield code="a">169 صفحة ؛</subfield>
    <subfield code="c">25 سم</subfield>
  </datafield>
  <datafield tag="880" ind1="1" ind2="2">
    <subfield code="6">700-05/(3/r</subfield>
    <subfield code="a">الدويهي، اسطفان،</subfield>
    <subfield code="d">1630-1704.</subfield>
    <subfield code="t">مقدمو جبة بشري.</subfield>
  </datafield>
  <datafield tag="880" ind1="1" ind2="2">
    <subfield code="6">700-06/(3/r</subfield>
    <subfield code="a">الدويهي، اسطفان،</subfield>
    <subfield code="d">1630-1704.</subfield>
    <subfield code="t">اليعاقبة في لبنان.</subfield>
  </datafield>
  <datafield tag="880" ind1="1" ind2=" ">
    <subfield code="6">700-07/(3/r</subfield>
    <subfield code="i">نقد (عمل)</subfield>
    <subfield code="a">طرازي، فيليب دي،</subfield>
    <subfield code="c">الفيكونت،</subfield>
    <subfield code="d">1865-1956.</subfield>
    <subfield code="t">أصدق ما كان عن تاريخ لبنان وصفحة من أخبار السريان.</subfield>
  </datafield>
  <datafield tag="907" ind1=" " ind2=" ">
    <subfield code="a">.b12784825</subfield>
    <subfield code="b">17-06-21</subfield>
    <subfield code="c">11-05-24</subfield>
  </datafield>
  <datafield tag="907" ind1=" " ind2=" ">
    <subfield code="a">.b12784825</subfield>
    <subfield code="b">15-10-15</subfield>
    <subfield code="c">11-05-24</subfield>
  </datafield>
  <datafield tag="945" ind1=" " ind2=" ">
    <subfield code="f">CA</subfield>
    <subfield code="a">281.5:C25mA:c.1</subfield>
    <subfield code="i">01070719</subfield>
    <subfield code="j">.i13376780</subfield>
    <subfield code="l">u0304</subfield>
  </datafield>
  <datafield tag="998" ind1=" " ind2=" ">
    <subfield code="a">u03</subfield>
    <subfield code="b">97-12-03</subfield>
    <subfield code="c">m</subfield>
    <subfield code="d">a</subfield>
    <subfield code="e">-</subfield>
    <subfield code="f">ara</subfield>
    <subfield code="g">le </subfield>
    <subfield code="h">0</subfield>
    <subfield code="i">1</subfield>
  </datafield>
</record>
</collection>
